@inproceedings{dehghan2015target,
  title={Target identity-aware network flow for online multiple target tracking},
  author={Dehghan, Afshin and Tian, Yicong and Torr, Philip HS and Shah, Mubarak},
  booktitle={Proceedings of the IEEE Conference on Computer Vision and Pattern Recognition},
  pages={1146--1154},
  year={2015}
}
@inproceedings{luber2011better,
  title={Better models for people tracking},
  author={Luber, Matthias and Tipaldi, Gian Diego and Arras, Kai O},
  booktitle={Robotics and Automation (ICRA), 2011 IEEE International Conference on},
  pages={854--859},
  year={2011},
  organization={IEEE}
}
@InProceedings{Alahi_2016_CVPR,
author = {Alahi, Alexandre and Goel, Kratarth and Ramanathan, Vignesh and Robicquet, Alexandre and Fei-Fei, Li and Savarese, Silvio},
title = {Social LSTM: Human Trajectory Prediction in Crowded Spaces},
booktitle = {The IEEE Conference on Computer Vision and Pattern Recognition (CVPR)},
month = {June},
year = {2016}
}
@inproceedings{kim2015multiple,
  title={Multiple hypothesis tracking revisited},
  author={Kim, Chanho and Li, Fuxin and Ciptadi, Arridhana and Rehg, James M},
  booktitle={Proceedings of the IEEE International Conference on Computer Vision},
  pages={4696--4704},
  year={2015}
}

@article{blackman1999design,
  title={Design and analysis of modern tracking systems(Book)},
  author={Blackman, Samuel and Popoli, Robert},
  journal={Norwood, MA: Artech House, 1999.},
  year={1999}
}

@inproceedings{chen2017enhancing,
  title={Enhancing Detection Model for Multiple Hypothesis Tracking},
  author={Chen, Jiahui and Sheng, Hao and Zhang, Yang and Xiong, Zhang},
  booktitle={Computer Vision and Pattern Recognition Workshops (CVPRW), 2017 IEEE Conference on},
  pages={2143--2152},
  year={2017},
  organization={IEEE}
}